@book{cygan2015parameterized,
  title={Parameterized algorithms},
  author={Cygan, Marek and Fomin, Fedor V and Kowalik, {\L}ukasz and Lokshtanov, Daniel and Marx, D{\'a}niel and Pilipczuk, Marcin and Pilipczuk, Micha{\l} and Saurabh, Saket},
  volume={5},
  number={4},
  year={2015},
  publisher={Springer}
}